<?xml version="1.0" encoding="UTF-8" ?>
<collection xmlns:xsi="http://www.w3.org/2001/XMLSchema-instance"
    xsi:schemaLocation="http://www.loc.gov/MARC21/slim
        http://www.loc.gov/standards/marcxml/schema/MARC21slim.xsd"
    xmlns="http://www.loc.gov/MARC21/slim">
<record>
  <leader>00292cam a2200577 i 4500</leader>
  <controlfield tag="001">b12432155</controlfield>
  <controlfield tag="003">LeBAU</controlfield>
  <controlfield tag="005">20131014</controlfield>
  <controlfield tag="008">970430s1900    ua            000 0 ara d</controlfield>
  <datafield tag="035" ind1=" " ind2=" ">
    <subfield code="a">ocn784312417</subfield>
  </datafield>
  <datafield tag="040" ind1=" " ind2=" ">
    <subfield code="a">LEAUB</subfield>
    <subfield code="b">ara</subfield>
    <subfield code="e">rda</subfield>
    <subfield code="c">LEAUB</subfield>
    <subfield code="d">LEAUB</subfield>
  </datafield>
  <datafield tag="082" ind1="0" ind2="4">
    <subfield code="a">349.297</subfield>
    <subfield code="2">20</subfield>
  </datafield>
  <datafield tag="100" ind1="1" ind2=" ">
    <subfield code="6">880-01</subfield>
    <subfield code="a">Afghānī, ʻAbd al-Ḥakīm,</subfield>
    <subfield code="d">1835 or 1836-1908 or 1909,</subfield>
    <subfield code="e">author.</subfield>
  </datafield>
  <datafield tag="245" ind1="1" ind2="0">
    <subfield code="6">880-02</subfield>
    <subfield code="a">Kitāb kashf al-ḥaqāyiq sharḥ kanz al-daqā’iq /</subfield>
    <subfield code="c">lil-Imām al-Qudwah al-Faqīh al-wara‘ al-zāhid baqiyat al-salaf wa-‘ayn a‘yān al-khalaf al-ustādh al-ajal al-Shaykh ‘Abd al-Ḥakīm al-Afghānī nazīl Dimashq al-Shām. Wa-bihāmishihi sharḥ al-Imām al-ajal al-muḥaqqiq ‘Allāmat al-Ummah fī al-ma‘qūl wa-al-manqūl wa-wāḥid al-a’immah fī al-furū‘ wa-al-uṣūl ‘Ubayd Allāh ibn Mas‘ūd al-mashhūr bi-Ṣadr al-Sharī‘ah ‘alá matn al-wiqāyah li-jaddih al-Imām al-Ajal Tāj al-Sharī‘ah.</subfield>
  </datafield>
  <datafield tag="246" ind1="3" ind2="0">
    <subfield code="6">880-03</subfield>
    <subfield code="a">kashf al-ḥaqāyiq sharḥ kanz al-daqā’iq</subfield>
  </datafield>
  <datafield tag="246" ind1="3" ind2=" ">
    <subfield code="6">880-04</subfield>
    <subfield code="a">Kitāb kashf al-ḥaqā’iq sharḥ kanz al-daqā’iq</subfield>
  </datafield>
  <datafield tag="246" ind1="3" ind2=" ">
    <subfield code="6">880-05</subfield>
    <subfield code="a">kashf al-ḥaqā’iq sharḥ kanz al-daqā’iq</subfield>
  </datafield>
  <datafield tag="264" ind1=" " ind2="1">
    <subfield code="6">880-06</subfield>
    <subfield code="a">Miṣr :</subfield>
    <subfield code="b">al-Maṭba‘ah al-Adabīyah,</subfield>
    <subfield code="c">1318 [H.], [1900? M.]</subfield>
  </datafield>
  <datafield tag="300" ind1=" " ind2=" ">
    <subfield code="6">880-07</subfield>
    <subfield code="a">1 volume (362 pages) ;</subfield>
    <subfield code="c">28 cm</subfield>
  </datafield>
  <datafield tag="336" ind1=" " ind2=" ">
    <subfield code="a">text</subfield>
    <subfield code="b">txt</subfield>
    <subfield code="2">rdacontent</subfield>
  </datafield>
  <datafield tag="337" ind1=" " ind2=" ">
    <subfield code="a">unmediated</subfield>
    <subfield code="b">n</subfield>
    <subfield code="2">rdamedia</subfield>
  </datafield>
  <datafield tag="338" ind1=" " ind2=" ">
    <subfield code="a">volume</subfield>
    <subfield code="b">nc</subfield>
    <subfield code="2">rdacarrier</subfield>
  </datafield>
  <datafield tag="500" ind1=" " ind2=" ">
    <subfield code="a">الجزء الثاني: "كتاب كشف الحقائق شرح كنز الدقائق مع حواش عليه مفصولة عنه بجدول في الصلب كلاهما للإمام القدوة الفقيه الورع الزاهد بقية السلف وعين أعيان الخلف الأستاذ الأجل الشيخ عبد الحكيم الأفغان نزيل دمشق الشام حفظه الله ونفعنا به."</subfield>
  </datafield>
  <datafield tag="500" ind1=" " ind2=" ">
    <subfield code="a">الجزء الثاني: تصحيح الشيخ محمود العطار.</subfield>
  </datafield>
  <datafield tag="500" ind1=" " ind2=" ">
    <subfield code="a">2 جزء ببليوغرافي في 1 جزء مادي.</subfield>
  </datafield>
  <datafield tag="600" ind1="1" ind2="4">
    <subfield code="a">النسفي، ابو البركات عبد الله بن احمد،</subfield>
    <subfield code="d">-1310.</subfield>
    <subfield code="t">كنز الدقائق.</subfield>
  </datafield>
  <datafield tag="600" ind1="1" ind2="4">
    <subfield code="a">صدر الشريعة الاصغر، عبيد الله بن مسعود بن احمد المحبوبي،</subfield>
    <subfield code="d">-1346.</subfield>
    <subfield code="t">شرح الوقاية.</subfield>
  </datafield>
  <datafield tag="600" ind1="1" ind2="4">
    <subfield code="a">صدر الشريعة الأول، احمد بن عبيد الله،</subfield>
    <subfield code="d">-1232.</subfield>
    <subfield code="t">وقاية الرواية في مسائل الهداية.</subfield>
  </datafield>
  <datafield tag="600" ind1="1" ind2="0">
    <subfield code="a">Nasafī, Abū al-Barakāt ʻAbd Allāh ibn Aḥmad,</subfield>
    <subfield code="d">-1310.</subfield>
    <subfield code="t">Kanz al-daqāʼiq.</subfield>
  </datafield>
  <datafield tag="600" ind1="1" ind2="0">
    <subfield code="a">Ṣadr al-Sharīʻah al-Aṣghar, ʻUbayd Allāh ibn Masʻūd ibn Aḥmad al-Maḥbūbī,</subfield>
    <subfield code="d">-1346.</subfield>
    <subfield code="t">Sharḥ al-Wiqāyah.</subfield>
  </datafield>
  <datafield tag="600" ind1="1" ind2="0">
    <subfield code="a">Ṣadr al-Sharīʻah al-Awwal, Aḥmad ibn ʻUbayd Allāh,</subfield>
    <subfield code="d">-1232.</subfield>
    <subfield code="t">Wiqāyat al-riwāyah fī masā’il al-hidāyah.</subfield>
  </datafield>
  <datafield tag="650" ind1=" " ind2="4">
    <subfield code="a">الفقه الاسلامي</subfield>
    <subfield code="x">تفسير وبنية</subfield>
    <subfield code="v">أعمال قديمة حتى 1800.</subfield>
  </datafield>
  <datafield tag="650" ind1=" " ind2="4">
    <subfield code="a">المذهب الحنفي</subfield>
    <subfield code="v">أعمال قديمة حتى 1800.</subfield>
  </datafield>
  <datafield tag="650" ind1=" " ind2="0">
    <subfield code="a">Islamic law</subfield>
    <subfield code="x">Interpretation and construction</subfield>
    <subfield code="v">Early works to 1800.</subfield>
  </datafield>
  <datafield tag="650" ind1=" " ind2="0">
    <subfield code="a">Hanafites</subfield>
    <subfield code="v">Early works to 1800.</subfield>
  </datafield>
  <datafield tag="700" ind1="1" ind2="2">
    <subfield code="6">880-08</subfield>
    <subfield code="a">Ṣadr al-Sharīʻah al-Aṣghar, ʻUbayd Allāh ibn Masʻūd ibn Aḥmad al-Maḥbūbī,</subfield>
    <subfield code="d">-1346.</subfield>
    <subfield code="t">Sharḥ al-wiqāyah.</subfield>
  </datafield>
  <datafield tag="700" ind1="1" ind2=" ">
    <subfield code="6">880-09</subfield>
    <subfield code="a">‘Aṭṭār, Mas‘ūd,</subfield>
    <subfield code="e">corrector.</subfield>
  </datafield>
  <datafield tag="852" ind1=" " ind2=" ">
    <subfield code="a">Jafet Archives and Special Collections</subfield>
    <subfield code="e">American University of Beirut, Bliss Street, Beirut, ‎Lebanon.‎</subfield>
  </datafield>
  <datafield tag="880" ind1="1" ind2=" ">
    <subfield code="6">100-01/(3/r</subfield>
    <subfield code="a">الأفغاني، عبد الحكيم،</subfield>
    <subfield code="d">1835-1908،</subfield>
    <subfield code="e">مؤلف. </subfield>
    <subfield code="4">aut.</subfield>
  </datafield>
  <datafield tag="880" ind1="1" ind2="0">
    <subfield code="6">245-02/(3/r</subfield>
    <subfield code="a">كتاب كشف الحقايق شرح كنز الدقائق /</subfield>
    <subfield code="c">للإمام القدوة الفقيه الورع الزاهد بقية السلف وعين اعيان الخلف الأستاذ الأجل الشيخ عبد الحكيم الأفغاني نزيل دمشق الشام. وبهامشه شرح الإمام الأجل المحقق علامة الأمة في المعقول والمنقول وواحد الأئمة في الفروع والأصول عبيد الله ابن مسعود المشهور بصدر الشريعة على متن الوقاية لجده الإمام الأجل تاج الشريعة.</subfield>
  </datafield>
  <datafield tag="880" ind1="3" ind2="0">
    <subfield code="6">246-03/(3/r</subfield>
    <subfield code="a">كشف الحقايق شرح كنز الدقائق</subfield>
  </datafield>
  <datafield tag="880" ind1="3" ind2=" ">
    <subfield code="6">246-04/(3/r</subfield>
    <subfield code="a">كتاب كشف الحقائق شرح كنز الدقائق</subfield>
  </datafield>
  <datafield tag="880" ind1="3" ind2=" ">
    <subfield code="6">246-05/(3/r</subfield>
    <subfield code="a">كشف الحقائق شرح كنز الدقائق</subfield>
  </datafield>
  <datafield tag="880" ind1=" " ind2="1">
    <subfield code="6">264-06/(3/r</subfield>
    <subfield code="a">مصر :</subfield>
    <subfield code="b">المطبعة الأدبية،</subfield>
    <subfield code="c">1318 [هـ.]، [1900؟ م.]</subfield>
  </datafield>
  <datafield tag="880" ind1=" " ind2=" ">
    <subfield code="6">300-07/(3/r</subfield>
    <subfield code="a">1 جزء (362 صفحة) ؛</subfield>
    <subfield code="c">28 سم</subfield>
  </datafield>
  <datafield tag="880" ind1="1" ind2="2">
    <subfield code="6">700-08/(3/r</subfield>
    <subfield code="a">صدر الشريعة الاصغر، عبيد الله بن مسعود بن احمد المحبوبي،</subfield>
    <subfield code="d">-1346.</subfield>
    <subfield code="t">شرح الوقاية.</subfield>
  </datafield>
  <datafield tag="880" ind1="1" ind2=" ">
    <subfield code="6">700-09/(3/r</subfield>
    <subfield code="a">العطار، مسعود،</subfield>
    <subfield code="e">مصحح. </subfield>
    <subfield code="4">crr.</subfield>
  </datafield>
  <datafield tag="907" ind1=" " ind2=" ">
    <subfield code="a">.b12432155</subfield>
    <subfield code="b">16-02-18</subfield>
    <subfield code="c">11-05-24</subfield>
  </datafield>
  <datafield tag="907" ind1=" " ind2=" ">
    <subfield code="a">.b12432155</subfield>
    <subfield code="b">11-10-21</subfield>
    <subfield code="c">11-05-24</subfield>
  </datafield>
  <datafield tag="945" ind1=" " ind2=" ">
    <subfield code="f">CA</subfield>
    <subfield code="a">340.59:A25kA:v.1-2</subfield>
    <subfield code="g">1</subfield>
    <subfield code="i">01018048</subfield>
    <subfield code="j">.i12904740</subfield>
    <subfield code="l">u0304</subfield>
  </datafield>
  <datafield tag="998" ind1=" " ind2=" ">
    <subfield code="a">u03</subfield>
    <subfield code="b">97-04-30</subfield>
    <subfield code="c">m</subfield>
    <subfield code="d">a</subfield>
    <subfield code="e">-</subfield>
    <subfield code="f">ara</subfield>
    <subfield code="g">ua </subfield>
    <subfield code="h">0</subfield>
    <subfield code="i">1</subfield>
  </datafield>
</record>
</collection>
